<record><leader>00000cas a22000007a 4500</leader><controlfield tag="001">19596441</controlfield><controlfield tag="008">890425d19021904arucr ne      0    0eng d</controlfield><datafield ind1=" " ind2=" " tag="010"><subfield code="a">sn 89051164 </subfield></datafield><datafield ind1=" " ind2=" " tag="040"><subfield code="a">ANU</subfield><subfield code="b">eng</subfield><subfield code="c">ANU</subfield><subfield code="d">OCLCQ</subfield></datafield><datafield ind1=" " ind2=" " tag="042"><subfield code="a">msc</subfield></datafield><datafield ind1="0" ind2=" " tag="130"><subfield code="a">Weekly graphic (Pine Bluff, Ark.)</subfield></datafield><datafield ind1="1" ind2="0" tag="245"><subfield code="a">Weekly graphic.</subfield></datafield><datafield ind1=" " ind2=" " tag="260"><subfield code="a">Pine Bluff, Ark. :</subfield><subfield code="b">Adams Print. Co.</subfield></datafield><datafield ind1=" " ind2=" " tag="300"><subfield code="a">v.</subfield></datafield><datafield ind1=" " ind2=" " tag="310"><subfield code="a">Semiweekly</subfield></datafield><datafield ind1="0" ind2=" " tag="362"><subfield code="a">Vol. 15, no. 75 (Nov. 29, 1902)-</subfield></datafield><datafield ind1="1" ind2=" " tag="362"><subfield code="a">Ceased in 1904.</subfield></datafield><datafield ind1=" " ind2="4" tag="651"><subfield code="a">Pine Bluff (Ark.)</subfield><subfield code="v">Newspapers.</subfield></datafield><datafield ind1=" " ind2="4" tag="651"><subfield code="a">Jefferson County (Ark.)</subfield><subfield code="v">Newspapers.</subfield></datafield><datafield ind1=" " ind2=" " tag="752"><subfield code="a">United States</subfield><subfield code="b">Arkansas</subfield><subfield code="c">Jefferson</subfield><subfield code="d">Pine Bluff.</subfield></datafield><datafield ind1="0" ind2=" " tag="775"><subfield code="t">Pine Bluff daily graphic</subfield><subfield code="w">(DLC)sn 89051168</subfield></datafield><datafield ind1="0" ind2="0" tag="780"><subfield code="t">Semiweekly graphic</subfield><subfield code="w">(DLC)sn 89051163</subfield></datafield><datafield ind1="0" ind2="0" tag="785"><subfield code="t">Pine Bluff weekly graphic (Pine Bluff, Ark. : 1904)</subfield><subfield code="w">(DLC)sn 89051165</subfield></datafield><datafield ind1="1" ind2=" " tag="029"><subfield code="a">AU@</subfield><subfield code="b">000020565364</subfield></datafield></record>